@inproceedings{DBLP:conf/popl/DSilvaHK13,
  author    = {Vijay D'Silva and
               Leopold Haller and
               Daniel Kroening},
  title     = {Abstract conflict driven learning},
  booktitle = {POPL},
  year      = {2013},
  pages     = {143-154},
  ee        = {http://doi.acm.org/10.1145/2429069.2429087},
  crossref  = {DBLP:conf/popl/2013},
  bibsource = {DBLP, http://dblp.uni-trier.de}
}

@inproceedings{DBLP:conf/popl/HenzingerJMS02,
  author    = {Thomas A. Henzinger and
               Ranjit Jhala and
               Rupak Majumdar and
               Gr{\'e}goire Sutre},
  title     = {Lazy abstraction},
  booktitle = {POPL},
  year      = {2002},
  pages     = {58-70},
  ee        = {http://doi.acm.org/10.1145/503272.503279},
  crossref  = {DBLP:conf/popl/2002},
  bibsource = {DBLP, http://dblp.uni-trier.de}
}
@proceedings{DBLP:conf/popl/2002,
  editor    = {John Launchbury and
               John C. Mitchell},
  title     = {Conference Record of POPL 2002: The 29th SIGPLAN-SIGACT
               Symposium on Principles of Programming Languages, Portland,
               OR, USA, January 16-18, 2002},
  booktitle = {POPL},
  publisher = {ACM},
  year      = {2002},
  isbn      = {1-58113-450-9},
  ee        = {http://dl.acm.org/citation.cfm?id=503272},
  bibsource = {DBLP, http://dblp.uni-trier.de}
}


@article{DBLP:journals/jsyml/Craig57a,
  author    = {William Craig},
  title     = {Three Uses of the Herbrand-Gentzen Theorem in Relating Model
               Theory and Proof Theory},
  journal   = {J. Symb. Log.},
  volume    = {22},
  number    = {3},
  year      = {1957},
  pages     = {269-285},
  bibsource = {DBLP, http://dblp.uni-trier.de}
}

@inproceedings{DBLP:conf/cav/McMillan06,
  author    = {Kenneth L. McMillan},
  title     = {Lazy Abstraction with Interpolants},
  booktitle = {CAV},
  year      = {2006},
  pages     = {123-136},
  ee        = {http://dx.doi.org/10.1007/11817963_14},
  crossref  = {DBLP:conf/cav/2006},
  bibsource = {DBLP, http://dblp.uni-trier.de}
}

@proceedings{DBLP:conf/cav/2006,
  editor    = {Thomas Ball and
               Robert B. Jones},
  title     = {Computer Aided Verification, 18th International Conference,
               CAV 2006, Seattle, WA, USA, August 17-20, 2006, Proceedings},
  booktitle = {CAV},
  publisher = {Springer},
  series    = {LNCS},
  volume    = {4144},
  year      = {2006},
  isbn      = {3-540-37406-X},
  bibsource = {DBLP, http://dblp.uni-trier.de}
}

@article{DBLP:journals/tcs/McMillan05,
  author    = {Kenneth L. McMillan},
  title     = {An interpolating theorem prover},
  journal   = {Theor. Comput. Sci.},
  volume    = {345},
  number    = {1},
  year      = {2005},
  pages     = {101-121},
  ee        = {http://dx.doi.org/10.1016/j.tcs.2005.07.003},
  bibsource = {DBLP, http://dblp.uni-trier.de}
}

@inproceedings{DBLP:conf/cav/McMillan10,
  author    = {Kenneth L. McMillan},
  title     = {Lazy Annotation for Program Testing and Verification},
  booktitle = {CAV},
  year      = {2010},
  pages     = {104-118},
  ee        = {http://dx.doi.org/10.1007/978-3-642-14295-6_10},
  crossref  = {DBLP:conf/cav/2010},
  bibsource = {DBLP, http://dblp.uni-trier.de}
}

@proceedings{DBLP:conf/cav/2010,
  editor    = {Tayssir Touili and
               Byron Cook and
               Paul Jackson},
  title     = {Computer Aided Verification, 22nd International Conference,
               CAV 2010, Edinburgh, UK, July 15-19, 2010. Proceedings},
  booktitle = {CAV},
  publisher = {Springer},
  series    = {LNCS},
  volume    = {6174},
  year      = {2010},
  isbn      = {978-3-642-14294-9},
  ee        = {http://dx.doi.org/10.1007/978-3-642-14295-6},
  bibsource = {DBLP, http://dblp.uni-trier.de}
}

@inproceedings{DBLP:conf/cav/GuptaPR11,
  author    = {Ashutosh Gupta and
               Corneliu Popeea and
               Andrey Rybalchenko},
  title     = {Threader: A Constraint-Based Verifier for Multi-threaded
               Programs},
  booktitle = {CAV},
  year      = {2011},
  pages     = {412-417},
  ee        = {http://dx.doi.org/10.1007/978-3-642-22110-1_32},
  crossref  = {DBLP:conf/cav/2011},
  bibsource = {DBLP, http://dblp.uni-trier.de}
}

@proceedings{DBLP:conf/cav/2011,
  editor    = {Ganesh Gopalakrishnan and
               Shaz Qadeer},
  title     = {Computer Aided Verification - 23rd International Conference,
               CAV 2011, Snowbird, UT, USA, July 14-20, 2011. Proceedings},
  booktitle = {CAV},
  publisher = {Springer},
  series    = {LNCS},
  volume    = {6806},
  year      = {2011},
  isbn      = {978-3-642-22109-5},
  ee        = {http://dx.doi.org/10.1007/978-3-642-22110-1},
  bibsource = {DBLP, http://dblp.uni-trier.de}
}

@inproceedings{DBLP:conf/sas/MalkisPR10,
  author    = {Alexander Malkis and
               Andreas Podelski and
               Andrey Rybalchenko},
  title     = {Thread-Modular Counterexample-Guided Abstraction Refinement},
  booktitle = {SAS},
  year      = {2010},
  pages     = {356-372},
  ee        = {http://dx.doi.org/10.1007/978-3-642-15769-1_22},
  crossref  = {DBLP:conf/sas/2010},
  bibsource = {DBLP, http://dblp.uni-trier.de}
}

@proceedings{DBLP:conf/sas/2010,
  editor    = {Radhia Cousot and
               Matthieu Martel},
  title     = {Static Analysis - 17th International Symposium, SAS 2010,
               Perpignan, France, September 14-16, 2010. Proceedings},
  booktitle = {SAS},
  publisher = {Springer},
  series    = {LNCS},
  volume    = {6337},
  year      = {2010},
  isbn      = {978-3-642-15768-4},
  ee        = {http://dx.doi.org/10.1007/978-3-642-15769-1},
  bibsource = {DBLP, http://dblp.uni-trier.de}
}

@inproceedings{DBLP:conf/tacas/PopeeaR12,
  author    = {Corneliu Popeea and
               Andrey Rybalchenko},
  title     = {Compositional Termination Proofs for Multi-threaded Programs},
  booktitle = {TACAS},
  year      = {2012},
  pages     = {237-251},
  ee        = {http://dx.doi.org/10.1007/978-3-642-28756-5_17},
  crossref  = {DBLP:conf/tacas/2012},
  bibsource = {DBLP, http://dblp.uni-trier.de}
}
@proceedings{DBLP:conf/tacas/2012,
  editor    = {Cormac Flanagan and
               Barbara K{\"o}nig},
  title     = {Tools and Algorithms for the Construction and Analysis of
               Systems - 18th International Conference, TACAS 2012, Held
               as Part of the European Joint Conferences on Theory and
               Practice of Software, ETAPS 2012, Tallinn, Estonia, March
               24 - April 1, 2012. Proceedings},
  booktitle = {TACAS},
  publisher = {Springer},
  series    = {LNCS},
  volume    = {7214},
  year      = {2012},
  isbn      = {978-3-642-28755-8},
  ee        = {http://dx.doi.org/10.1007/978-3-642-28756-5},
  bibsource = {DBLP, http://dblp.uni-trier.de}
}

@inproceedings{DBLP:conf/popl/GuptaPR11,
  author    = {Ashutosh Gupta and
               Corneliu Popeea and
               Andrey Rybalchenko},
  title     = {Predicate abstraction and refinement for verifying multi-threaded
               programs},
  booktitle = {POPL},
  year      = {2011},
  pages     = {331-344},
  ee        = {http://doi.acm.org/10.1145/1926385.1926424},
  crossref  = {DBLP:conf/popl/2011},
  bibsource = {DBLP, http://dblp.uni-trier.de}
}
@proceedings{DBLP:conf/popl/2011,
  editor    = {Thomas Ball and
               Mooly Sagiv},
  title     = {Proceedings of the 38th ACM SIGPLAN-SIGACT Symposium on
               Principles of Programming Languages, POPL 2011, Austin,
               TX, USA, January 26-28, 2011},
  booktitle = {POPL},
  publisher = {ACM},
  year      = {2011},
  isbn      = {978-1-4503-0490-0},
  ee        = {http://dl.acm.org/citation.cfm?id=1926385},
  bibsource = {DBLP, http://dblp.uni-trier.de}
}

@inproceedings{DBLP:conf/pldi/CookPR07,
  author    = {Byron Cook and
               Andreas Podelski and
               Andrey Rybalchenko},
  title     = {Proving thread termination},
  booktitle = {PLDI},
  year      = {2007},
  pages     = {320-330},
  ee        = {http://doi.acm.org/10.1145/1250734.1250771},
  crossref  = {DBLP:conf/pldi/2007},
  bibsource = {DBLP, http://dblp.uni-trier.de}
}
@proceedings{DBLP:conf/pldi/2007,
  editor    = {Jeanne Ferrante and
               Kathryn S. McKinley},
  title     = {Proceedings of the ACM SIGPLAN 2007 Conference on Programming
               Language Design and Implementation, San Diego, California,
               USA, June 10-13, 2007},
  booktitle = {PLDI},
  publisher = {ACM},
  year      = {2007},
  isbn      = {978-1-59593-633-2},
  bibsource = {DBLP, http://dblp.uni-trier.de}
}

@inproceedings{DBLP:conf/sefm/JacobsPLS05,
  author    = {Bart Jacobs and
               Frank Piessens and
               K. Rustan M. Leino and
               Wolfram Schulte},
  title     = {Safe Concurrency for Aggregate Objects with Invariants},
  booktitle = {SEFM},
  year      = {2005},
  pages     = {137-147},
  ee        = {http://doi.ieeecomputersociety.org/10.1109/SEFM.2005.39},
  crossref  = {DBLP:conf/sefm/2005},
  bibsource = {DBLP, http://dblp.uni-trier.de}
}

@proceedings{DBLP:conf/sefm/2005,
  editor    = {Bernhard K. Aichernig and
               Bernhard Beckert},
  title     = {Third IEEE International Conference on Software Engineering
               and Formal Methods (SEFM 2005), 7-9 September 2005, Koblenz,
               Germany},
  booktitle = {SEFM},
  publisher = {IEEE Computer Society},
  year      = {2005},
  isbn      = {0-7695-2435-4},
  bibsource = {DBLP, http://dblp.uni-trier.de}
}

@article{DBLP:journals/acta/OwickiG76,
  author    = {Susan S. Owicki and
               David Gries},
  title     = {An Axiomatic Proof Technique for Parallel Programs {I}},
  journal   = {Acta Inf.},
  volume    = {6},
  year      = {1976},
  pages     = {319-340},
  ee        = {http://dx.doi.org/10.1007/BF00268134},
  bibsource = {DBLP, http://dblp.uni-trier.de}
}

@inproceedings{DBLP:conf/sas/MalkisPR07,
  author    = {Alexander Malkis and
               Andreas Podelski and
               Andrey Rybalchenko},
  title     = {Precise Thread-Modular Verification},
  booktitle = {SAS},
  year      = {2007},
  pages     = {218-232},
  ee        = {http://dx.doi.org/10.1007/978-3-540-74061-2_14},
  crossref  = {DBLP:conf/sas/2007},
  bibsource = {DBLP, http://dblp.uni-trier.de}
}

@proceedings{DBLP:conf/sas/2007,
  editor    = {Hanne Riis Nielson and
               Gilberto Fil{\'e}},
  title     = {Static Analysis, 14th International Symposium, SAS 2007,
               Kongens Lyngby, Denmark, August 22-24, 2007, Proceedings},
  booktitle = {SAS},
  publisher = {Springer},
  series    = {LNCS},
  volume    = {4634},
  year      = {2007},
  isbn      = {978-3-540-74060-5},
  bibsource = {DBLP, http://dblp.uni-trier.de}
}

@inproceedings{DBLP:conf/asplos/LuPSZ08,
  author    = {Shan Lu and
               Soyeon Park and
               Eunsoo Seo and
               Yuanyuan Zhou},
  title     = {Learning from mistakes: a comprehensive study on real world
               concurrency bug characteristics},
  booktitle = {ASPLOS},
  year      = {2008},
  pages     = {329-339},
  ee        = {http://doi.acm.org/10.1145/1346281.1346323},
  crossref  = {DBLP:conf/asplos/2008},
  bibsource = {DBLP, http://dblp.uni-trier.de}
}

@proceedings{DBLP:conf/asplos/2008,
  editor    = {Susan J. Eggers and
               James R. Larus},
  title     = {Proceedings of the 13th International Conference on Architectural
               Support for Programming Languages and Operating Systems,
               ASPLOS 2008, Seattle, WA, USA, March 1-5, 2008},
  booktitle = {ASPLOS},
  publisher = {ACM},
  year      = {2008},
  isbn      = {978-1-59593-958-6},
  bibsource = {DBLP, http://dblp.uni-trier.de}
}

@incollection {DBLP:conf/concur/Holzmann1995,
   author = {Holzmann, Gerard},
   affiliation = {AT&T Bell Laboratories 07974 Murray Hill New Jersey USA 07974 Murray Hill New Jersey USA},
   title = {Tutorial: Proving properties of concurrent systems with {SPIN}},
   booktitle = {CONCUR '95: Concurrency Theory},
   series = {LNCS},
   editor = {Lee, Insup and Smolka, Scott},
   publisher = {Springer Berlin / Heidelberg},
   isbn = {978-3-540-60218-7},
   keyword = {Computer Science},
   pages = {453-455},
   volume = {962},
   year = {1995}
}

@inproceedings{DBLP:conf/cav/HenzingerJMQ03,
  author    = {Thomas A. Henzinger and
               Ranjit Jhala and
               Rupak Majumdar and
               Shaz Qadeer},
  title     = {Thread-Modular Abstraction Refinement},
  booktitle = {CAV},
  year      = {2003},
  pages     = {262-274},
  crossref  = {DBLP:conf/cav/2003},
  bibsource = {DBLP, http://dblp.uni-trier.de}
}

@proceedings{DBLP:conf/cav/2003,
  editor    = {Warren A. Hunt Jr. and
               Fabio Somenzi},
  title     = {Computer Aided Verification, 15th International Conference,
               CAV 2003, Boulder, CO, USA, July 8-12, 2003, Proceedings},
  booktitle = {CAV},
  publisher = {Springer},
  series    = {LNCS},
  volume    = {2725},
  year      = {2003},
  isbn      = {3-540-40524-0},
  bibsource = {DBLP, http://dblp.uni-trier.de}
}

@article{DBLP:journals/toplas/Jones83,
  author    = {Cliff B. Jones},
  title     = {Tentative Steps Toward a Development Method for Interfering
               Programs},
  journal   = {ACM Trans. Program. Lang. Syst.},
  volume    = {5},
  number    = {4},
  year      = {1983},
  pages     = {596-619},
  ee        = {http://doi.acm.org/10.1145/69575.69577},
  bibsource = {DBLP, http://dblp.uni-trier.de}
}

@inproceedings{DBLP:conf/cav/LalR08,
  author    = {Akash Lal and
               Thomas W. Reps},
  title     = {Reducing Concurrent Analysis Under a Context Bound to Sequential
               Analysis},
  booktitle = {CAV},
  year      = {2008},
  pages     = {37-51},
  ee        = {http://dx.doi.org/10.1007/978-3-540-70545-1_7},
  crossref  = {DBLP:conf/cav/2008},
  bibsource = {DBLP, http://dblp.uni-trier.de}
}

@proceedings{DBLP:conf/cav/2008,
  editor    = {Aarti Gupta and
               Sharad Malik},
  title     = {Computer Aided Verification, 20th International Conference,
               CAV 2008, Princeton, NJ, USA, July 7-14, 2008, Proceedings},
  booktitle = {CAV},
  publisher = {Springer},
  series    = {LNCS},
  volume    = {5123},
  year      = {2008},
  isbn      = {978-3-540-70543-7},
  bibsource = {DBLP, http://dblp.uni-trier.de}
}


@inproceedings{DBLP:conf/popl/FlanaganG05,
  author    = {Cormac Flanagan and
               Patrice Godefroid},
  title     = {Dynamic partial-order reduction for model checking software},
  booktitle = {POPL},
  year      = {2005},
  pages     = {110-121},
  ee        = {http://doi.acm.org/10.1145/1040305.1040315},
  crossref  = {DBLP:conf/popl/2005},
  bibsource = {DBLP, http://dblp.uni-trier.de}
}
@proceedings{DBLP:conf/popl/2005,
  editor    = {Jens Palsberg and
               Mart\'{\i}n Abadi},
  title     = {Proceedings of the 32nd ACM SIGPLAN-SIGACT Symposium on
               Principles of Programming Languages, POPL 2005, Long Beach,
               California, USA, January 12-14, 2005},
  booktitle = {POPL},
  publisher = {ACM},
  year      = {2005},
  isbn      = {1-58113-830-X},
  ee        = {http://dl.acm.org/citation.cfm?id=1040305},
  bibsource = {DBLP, http://dblp.uni-trier.de}
}


@inproceedings{DBLP:conf/tacas/QadeerR05,
  author    = {Shaz Qadeer and
               Jakob Rehof},
  title     = {Context-Bounded Model Checking of Concurrent Software},
  booktitle = {TACAS},
  year      = {2005},
  pages     = {93-107},
  ee        = {http://dx.doi.org/10.1007/978-3-540-31980-1_7},
  crossref  = {DBLP:conf/tacas/2005},
  bibsource = {DBLP, http://dblp.uni-trier.de}
}

@proceedings{DBLP:conf/tacas/2005,
  editor    = {Nicolas Halbwachs and
               Lenore D. Zuck},
  title     = {Tools and Algorithms for the Construction and Analysis of
               Systems, 11th International Conference, TACAS 2005, Held
               as Part of the Joint European Conferences on Theory and
               Practice of Software, ETAPS 2005, Edinburgh, UK, April 4-8,
               2005, Proceedings},
  booktitle = {TACAS},
  publisher = {Springer},
  series    = {LNCS},
  volume    = {3440},
  year      = {2005},
  isbn      = {3-540-25333-5},
  bibsource = {DBLP, http://dblp.uni-trier.de}
}

@inproceedings{DBLP:conf/tacas/CimattiNR11,
  author    = {Alessandro Cimatti and
               Iman Narasamdya and
               Marco Roveri},
  title     = {Boosting Lazy Abstraction for {SystemC} with Partial Order
               Reduction},
  booktitle = {TACAS},
  year      = {2011},
  pages     = {341-356},
  ee        = {http://dx.doi.org/10.1007/978-3-642-19835-9_31},
  crossref  = {DBLP:conf/tacas/2011},
  bibsource = {DBLP, http://dblp.uni-trier.de}
}

@proceedings{DBLP:conf/tacas/2011,
  editor    = {Parosh Aziz Abdulla and
               K. Rustan M. Leino},
  title     = {Tools and Algorithms for the Construction and Analysis of
               Systems - 17th International Conference, TACAS 2011, Held
               as Part of the Joint European Conferences on Theory and
               Practice of Software, ETAPS 2011, Saarbr{\"u}cken, Germany,
               March 26-April 3, 2011. Proceedings},
  booktitle = {TACAS},
  publisher = {Springer},
  series    = {LNCS},
  volume    = {6605},
  year      = {2011},
  isbn      = {978-3-642-19834-2},
  ee        = {http://dx.doi.org/10.1007/978-3-642-19835-9},
  bibsource = {DBLP, http://dblp.uni-trier.de}
}


@inproceedings{DBLP:conf/spin/GuetaFYS07,
  author    = {Guy Gueta and
               Cormac Flanagan and
               Eran Yahav and
               Mooly Sagiv},
  title     = {Cartesian Partial-Order Reduction},
  booktitle = {SPIN},
  year      = {2007},
  pages     = {95-112},
  ee        = {http://dx.doi.org/10.1007/978-3-540-73370-6_8},
  crossref  = {DBLP:conf/spin/2007},
  bibsource = {DBLP, http://dblp.uni-trier.de}
}
@proceedings{DBLP:conf/spin/2007,
  editor    = {Dragan Bosnacki and
               Stefan Edelkamp},
  title     = {Model Checking Software, 14th International SPIN Workshop,
               Berlin, Germany, July 1-3, 2007, Proceedings},
  booktitle = {SPIN},
  publisher = {Springer},
  series    = {LNCS},
  volume    = {4595},
  year      = {2007},
  isbn      = {978-3-540-73369-0},
  bibsource = {DBLP, http://dblp.uni-trier.de}
}

@book{DBLP:books/sp/Godefroid96,
  author    = {Patrice Godefroid},
  title     = {Partial-Order Methods for the Verification of Concurrent
               Systems},
  publisher = {Springer},
  series    = {LNCS},
  volume    = {1032},
  year      = {1996},
  isbn      = {3-540-60761-7},
  ee        = {http://dx.doi.org/.1007/3-540-60761-7},
  bibsource = {DBLP, http://dblp.uni-trier.de}
}

@inproceedings{DBLP:conf/cav/Peled93,
  author    = {Doron Peled},
  title     = {All from One, One for All: on Model Checking Using Representatives},
  booktitle = {CAV},
  year      = {1993},
  pages     = {409-423},
  ee        = {http://dx.doi.org/10.1007/3-540-56922-7_34},
  crossref  = {DBLP:conf/cav/1993},
  bibsource = {DBLP, http://dblp.uni-trier.de}
}
@proceedings{DBLP:conf/cav/1993,
  editor    = {Costas Courcoubetis},
  title     = {Computer Aided Verification, 5th International Conference,
               CAV '93, Elounda, Greece, June 28 - July 1, 1993, Proceedings},
  booktitle = {CAV},
  publisher = {Springer},
  series    = {LNCS},
  volume    = {697},
  year      = {1993},
  isbn      = {3-540-56922-7},
  bibsource = {DBLP, http://dblp.uni-trier.de}
}

@inproceedings{DBLP:conf/apn/Valmari89,
  author    = {Antti Valmari},
  title     = {Stubborn sets for reduced state space generation},
  booktitle = {Applications and Theory of Petri Nets},
  year      = {1989},
  pages     = {491-515},
  ee        = {http://dx.doi.org/10.1007/3-540-53863-1_36},
  crossref  = {DBLP:conf/apn/1989},
  bibsource = {DBLP, http://dblp.uni-trier.de}
}
@proceedings{DBLP:conf/apn/1989,
  editor    = {Grzegorz Rozenberg},
  title     = {Advances in Petri Nets 1990 [10th International Conference
               on Applications and Theory of Petri Nets, Bonn, Germany,
               June 1989, Proceedings]},
  booktitle = {Applications and Theory of Petri Nets},
  publisher = {Springer},
  series    = {LNCS},
  volume    = {483},
  year      = {1991},
  isbn      = {3-540-53863-1},
  bibsource = {DBLP, http://dblp.uni-trier.de}
}

@article{DBLP:journals/ac/Holzmann05,
  author    = {Gerard J. Holzmann},
  title     = {Software model checking with {SPIN}},
  journal   = {Advances in Computers},
  volume    = {65},
  year      = {2005},
  pages     = {78-109},
  ee        = {http://dx.doi.org/10.1016/S0065-2458(05)65002-4},
  bibsource = {DBLP, http://dblp.uni-trier.de}
}

@article{DBLP:journals/fmsd/Godefroid05,
  author    = {Patrice Godefroid},
  title     = {Software Model Checking: The {VeriSoft} Approach},
  journal   = {Formal Methods in System Design},
  volume    = {26},
  number    = {2},
  year      = {2005},
  pages     = {77-101},
  ee        = {http://dx.doi.org/10.1007/s10703-005-1489-x},
  bibsource = {DBLP, http://dblp.uni-trier.de}
}

@inproceedings{DBLP:conf/tacas/WangYKG08,
  author    = {Chao Wang and
               Zijiang Yang and
               Vineet Kahlon and
               Aarti Gupta},
  title     = {Peephole Partial Order Reduction},
  booktitle = {TACAS},
  year      = {2008},
  pages     = {382-396},
  ee        = {http://dx.doi.org/10.1007/978-3-540-78800-3_29},
  bibsource = {DBLP, http://dblp.uni-trier.de},
  publisher = {Springer},
  series    = {LNCS},
  volume    = {4963},
  isbn      = {978-3-540-78799-0},
}

@proceedings{DBLP:conf/tacas/2008,
  editor    = {C. R. Ramakrishnan and
               Jakob Rehof},
  title     = {Tools and Algorithms for the Construction and Analysis of
               Systems, 14th International Conference, TACAS 2008, Held
               as Part of the Joint European Conferences on Theory and
               Practice of Software, ETAPS 2008, Budapest, Hungary, March
               29-April 6, 2008. Proceedings},
  booktitle = {TACAS},
  publisher = {Springer},
  series    = {LNCS},
  volume    = {4963},
  year      = {2008},
  isbn      = {978-3-540-78799-0},
  bibsource = {DBLP, http://dblp.uni-trier.de}
}

@inproceedings{DBLP:conf/cav/KahlonWG09,
  author    = {Vineet Kahlon and
               Chao Wang and
               Aarti Gupta},
  title     = {Monotonic Partial Order Reduction: An Optimal Symbolic Partial
               Order Reduction Technique},
  booktitle = {CAV},
  year      = {2009},
  pages     = {398-413},
  ee        = {http://dx.doi.org/10.1007/978-3-642-02658-4_31},
  crossref  = {DBLP:conf/cav/2009},
  bibsource = {DBLP, http://dblp.uni-trier.de}
}
@proceedings{DBLP:conf/cav/2009,
  editor    = {Ahmed Bouajjani and
               Oded Maler},
  title     = {Computer Aided Verification, 21st International Conference,
               CAV 2009, Grenoble, France, June 26 - July 2, 2009. Proceedings},
  booktitle = {CAV},
  publisher = {Springer},
  series    = {LNCS},
  volume    = {5643},
  year      = {2009},
  isbn      = {978-3-642-02657-7},
  ee        = {http://dx.doi.org/10.1007/978-3-642-02658-4},
  bibsource = {DBLP, http://dblp.uni-trier.de}
}

@inproceedings{DBLP:conf/spin/YangCGK08,
  author    = {Yu Yang and
               Xiaofang Chen and
               Ganesh Gopalakrishnan and
               Robert M. Kirby},
  title     = {Efficient Stateful Dynamic Partial Order Reduction},
  booktitle = {SPIN},
  year      = {2008},
  pages     = {288-305},
  ee        = {http://dx.doi.org/10.1007/978-3-540-85114-1_20},
  crossref  = {DBLP:conf/spin/2008},
  bibsource = {DBLP, http://dblp.uni-trier.de}
}
@proceedings{DBLP:conf/spin/2008,
  editor    = {Klaus Havelund and
               Rupak Majumdar and
               Jens Palsberg},
  title     = {Model Checking Software, 15th International SPIN Workshop,
               Los Angeles, CA, USA, August 10-12, 2008, Proceedings},
  booktitle = {SPIN},
  publisher = {Springer},
  series    = {LNCS},
  volume    = {5156},
  year      = {2008},
  isbn      = {978-3-540-85113-4},
  bibsource = {DBLP, http://dblp.uni-trier.de}
}
@inproceedings{DBLP:conf/cav/AlbarghouthiLGC12,
  author    = {Aws Albarghouthi and
               Yi Li and
               Arie Gurfinkel and
               Marsha Chechik},
  title     = {Ufo: A Framework for Abstraction- and Interpolation-Based
               Software Verification},
  booktitle = {CAV},
  year      = {2012},
  pages     = {672-678},
  ee        = {http://dx.doi.org/10.1007/978-3-642-31424-7_48},
  crossref  = {DBLP:conf/cav/2012},
  bibsource = {DBLP, http://dblp.uni-trier.de}
}

@proceedings{DBLP:conf/cav/2012,
  editor    = {P. Madhusudan and
               Sanjit A. Seshia},
  title     = {Computer Aided Verification - 24th International Conference,
               CAV 2012, Berkeley, CA, USA, July 7-13, 2012 Proceedings},
  booktitle = {CAV},
  publisher = {Springer},
  series    = {LNCS},
  volume    = {7358},
  year      = {2012},
  isbn      = {978-3-642-31423-0},
  ee        = {http://dx.doi.org/10.1007/978-3-642-31424-7},
  bibsource = {DBLP, http://dblp.uni-trier.de}
}

@inproceedings{DBLP:conf/fmcad/BeyerW12,
  author    = {Dirk Beyer and
               Philipp Wendler},
  title     = {Algorithms for software model checking: Predicate abstraction
               vs.~{Impact}},
  booktitle = {FMCAD},
  year      = {2012},
  pages     = {106-113},
  ee        = {http://ieeexplore.ieee.org/xpl/articleDetails.jsp?arnumber=6462562},
  crossref  = {DBLP:conf/fmcad/2012},
  bibsource = {DBLP, http://dblp.uni-trier.de}
}
@proceedings{DBLP:conf/fmcad/2012,
  editor    = {Gianpiero Cabodi and
               Satnam Singh},
  title     = {Formal Methods in Computer-Aided Design},
  booktitle = {FMCAD},
  publisher = {IEEE},
  year      = {2012},
  ee        = {http://ieeexplore.ieee.org/xpl/mostRecentIssue.jsp?punumber=6450168},
  bibsource = {DBLP, http://dblp.uni-trier.de}
}

@inproceedings{DBLP:conf/cav/BeyerK11,
  author    = {Dirk Beyer and
               M. Erkan Keremoglu},
  title     = {{CPAchecker}: A Tool for Configurable Software Verification},
  booktitle = {CAV},
  year      = {2011},
  pages     = {184-190},
  ee        = {http://dx.doi.org/10.1007/978-3-642-22110-1_16},
  crossref  = {DBLP:conf/cav/2011},
  bibsource = {DBLP, http://dblp.uni-trier.de}
}

@proceedings{DBLP:conf/cav/2011,
  editor    = {Ganesh Gopalakrishnan and
               Shaz Qadeer},
  title     = {Computer Aided Verification},
  booktitle = {CAV},
  publisher = {Springer},
  series    = {LNCS},
  volume    = {6806},
  year      = {2011},
  isbn      = {978-3-642-22109-5},
  ee        = {http://dx.doi.org/10.1007/978-3-642-22110-1},
  bibsource = {DBLP, http://dblp.uni-trier.de}
}

@inproceedings{DBLP:conf/fmcad/BeyerCGKS09,
  author    = {Dirk Beyer and
               Alessandro Cimatti and
               Alberto Griggio and
               M. Erkan Keremoglu and
               Roberto Sebastiani},
  title     = {Software model checking via large-block encoding},
  booktitle = {FMCAD},
  year      = {2009},
  pages     = {25-32},
  ee        = {http://dx.doi.org/10.1109/FMCAD.2009.5351147},
  crossref  = {DBLP:conf/fmcad/2009},
  bibsource = {DBLP, http://dblp.uni-trier.de}
}

@proceedings{DBLP:conf/fmcad/2009,
  title     = {Proceedings of 9th International Conference on Formal Methods
               in Computer-Aided Design, FMCAD 2009, 15-18 November 2009,
               Austin, Texas, USA},
  booktitle = {FMCAD},
  publisher = {IEEE},
  year      = {2009},
  isbn      = {978-1-4244-4966-8},
  bibsource = {DBLP, http://dblp.uni-trier.de}
}

@inproceedings{DBLP:conf/ac/Mazurkiewicz86,
  author    = {Antoni W. Mazurkiewicz},
  title     = {Trace Theory},
  booktitle = {Advances in Petri Nets},
  year      = {1986},
  pages     = {279-324},
  ee        = {http://dx.doi.org/10.1007/3-540-17906-2_30},
  crossref  = {DBLP:conf/ac/1986petri2},
  bibsource = {DBLP, http://dblp.uni-trier.de}
}

@proceedings{DBLP:conf/ac/1986petri2,
  editor    = {Wilfried Brauer and
               Wolfgang Reisig and
               Grzegorz Rozenberg},
  title     = {Petri Nets: Central Models and Their Properties},
  booktitle = {Advances in Petri Nets},
  publisher = {Springer},
  series    = {LNCS},
  volume    = {255},
  year      = {1987},
  isbn      = {3-540-17906-2},
  bibsource = {DBLP, http://dblp.uni-trier.de}
}

@inproceedings{DBLP:conf/tacas/Beyer13,
  author    = {Dirk Beyer},
  title     = {Second Competition on Software Verification -- (Summary of
               {SV-COMP} 2013)},
  year      = {2013},
  pages     = {594-609},
  ee        = {http://dx.doi.org/10.1007/978-3-642-36742-7_43},
  editor    = {Nir Piterman and
               Scott A. Smolka},
  booktitle = {TACAS},
  publisher = {Springer},
  series    = {LNCS},
  volume    = {7795},
  isbn      = {978-3-642-36741-0},
  ee        = {http://dx.doi.org/10.1007/978-3-642-36742-7},
  bibsource = {DBLP, http://dblp.uni-trier.de}
}


@inproceedings{DBLP:conf/esop/AlglaveKNT13,
  author    = {Jade Alglave and
               Daniel Kroening and
               Vincent Nimal and
               Michael Tautschnig},
  title     = {Software Verification for Weak Memory via Program Transformation},
  booktitle = {ESOP},
  year      = {2013},
  pages     = {512-532},
  ee        = {http://dx.doi.org/10.1007/978-3-642-37036-6_28},
  crossref  = {DBLP:conf/esop/2013},
  bibsource = {DBLP, http://dblp.uni-trier.de}
}

@article{cksy2004,
  AUTHOR    = { Clarke, Edmund
                and Kroening, Daniel
                and Sharygina, Natasha
                and Yorav, Karen },
  TITLE     = { Predicate Abstraction of {ANSI--C} Programs using {SAT} },
  YEAR      = { 2004 },
  PAGES     = { 105--127 },
  JOURNAL   = { Formal Methods in System Design (FMSD) },
  VOLUME    = { 25 },
  MONTH     = { September--November },
}


@proceedings{DBLP:conf/esop/2013,
  editor    = {Matthias Felleisen and
               Philippa Gardner},
  title     = {Programming Languages and Systems},
  booktitle = {ESOP},
  publisher = {Springer},
  series    = {LNCS},
  volume    = {7792},
  year      = {2013},
  isbn      = {978-3-642-37035-9},
  ee        = {http://dx.doi.org/10.1007/978-3-642-37036-6},
  bibsource = {DBLP, http://dblp.uni-trier.de}
}


@inproceedings{ClarkeKSY05,
  author    = {Edmund M. Clarke and
               Daniel Kroening and
               Natasha Sharygina and
               Karen Yorav},
  title     = {SATABS: SAT-Based Predicate Abstraction for ANSI-C},
  booktitle = {TACAS},
  year      = {2005},
  pages     = {570-574},
  ee        = {http://dx.doi.org/10.1007/978-3-540-31980-1_40},
  crossref  = {DBLP:conf/tacas/2005},
  bibsource = {DBLP, http://dblp.uni-trier.de}
}
@proceedings{DBLP:conf/tacas/2005,
  editor    = {Nicolas Halbwachs and
               Lenore D. Zuck},
  title     = {Tools and Algorithms for the Construction and Analysis of
               Systems},
  booktitle = {TACAS},
  publisher = {Springer},
  series    = {LNCS},
  volume    = {3440},
  year      = {2005},
  isbn      = {3-540-25333-5},
  bibsource = {DBLP, http://dblp.uni-trier.de}
}

@inproceedings{DBLP:conf/kbse/CordeiroFM09,
  author    = {Lucas Cordeiro and
               Bernd Fischer and
               Jo{\~a}o Marques-Silva},
  title     = {SMT-Based Bounded Model Checking for Embedded ANSI-C Software},
  booktitle = {ASE},
  year      = {2009},
  pages     = {137-148},
  ee        = {http://doi.ieeecomputersociety.org/10.1109/ASE.2009.63},
  crossref  = {DBLP:conf/kbse/2009},
  bibsource = {DBLP, http://dblp.uni-trier.de}
}

@proceedings{DBLP:conf/kbse/2009,
  title     = {ASE 2009, 24th IEEE/ACM International Conference on Automated
               Software Engineering, Auckland, New Zealand, November 16-20,
               2009},
  booktitle = {ASE},
  publisher = {IEEE Computer Society},
  year      = {2009},
  isbn      = {978-0-7695-3891-4},
  bibsource = {DBLP, http://dblp.uni-trier.de}
}


@inproceedings{DBLP:conf/icse/CordeiroF11,
  author    = {L. Cordeiro and
               B. Fischer},
  title     = {Verifying multi-threaded software using {SMT}-based context-bounded
               model checking},
  booktitle = {ICSE},
  year      = {2011},
  pages     = {331-340},
  publisher = {ACM},
  isbn      = {978-1-4503-0445-0},
  bibsource = {DBLP, http://dblp.uni-trier.de}
}

@inproceedings{gpr11,
  author = {A. Gupta and C. Popeea and A. Rybalchenko},
  title = {Threader: A Constraint-Based Verifier for Multi-threaded Programs},
  booktitle = {CAV},
  year = {2011}}

@inproceedings{kw2011-cav,
  AUTHOR    = { Kroening, Daniel
                and Weissenbacher, Georg },
  TITLE     = { Interpolation-based Software Verification with {WOLVERINE} },
  BOOKTITLE = { CAV },
  YEAR      = { 2011 },
  PUBLISHER = { Springer },
  PAGES     = { 573--578 },
  SERIES    = { LNCS },
  VOLUME    = { 6806 },
}

@inproceedings{DBLP:conf/cav/AlglaveKT13,
  author    = {Jade Alglave and
               Daniel Kroening and
               Michael Tautschnig},
  title     = {Partial Orders for Efficient Bounded Model Checking of Concurrent
               Software},
  booktitle = {CAV},
  year      = {2013},
  pages     = {141-157}
}


